
A-----------

B-----------

C-----------

D-----------

E-----------

F-----------

G-----------

H-----------

@ARTICLE{7867731, 
	author={Z. Hao and E. Novak and S. Yi and Q. Li}, 
	journal={IEEE Internet Computing}, 
	title={Challenges and Software Architecture for Fog Computing}, 
	year={2017}, 
	volume={21}, 
	number={2}, 
	pages={44-53}, 
	keywords={cloud computing;software architecture;software prototyping;WM-FOG design;edge computing;flexible software architecture;fog computing;prototype system evaluation;Cloud computing;Edge computing;Hardware;Processor scheduling;Servers;Standards organizations;Internet/Web technologies;distributed applications;system architectures;system integration;system modeling}, 
	doi={10.1109/MIC.2017.26}, 
	ISSN={1089-7801}, 
	month={Mar},
}
@INPROCEEDINGS{6120999, 
	author={M. Hassan and A. Mehmood and M. F. Khan}, 
	booktitle={2011IEEE 10th International Conference on Trust, Security and Privacy in Computing and Communications}, 
	title={An Efficient Method of Tracking across Multiple Cameras}, 
	year={2011}, 
	pages={1477-1481}, 
	keywords={image motion analysis;object tracking;video cameras;video signal processing;video surveillance;camera FOV;camera tracking;field-of-view line;homography concept;labeling scheme;moving object correspondence;multicamera system;object movement;video surveillance system;Cameras;Image color analysis;Labeling;Real time systems;Robustness;Solids;Tracking;Multiple camera tracking;field of view (FOV);homography;perspective transformation}, 
	doi={10.1109/TrustCom.2011.203}, 
	ISSN={2324-898X}, 
	month={Nov},
}

I-----------

J-----------

K-----------

L-----------

@INPROCEEDINGS{5580739, 
	author={C. Y. Lee and S. J. Lin and C. W. Lee and C. S. Yang}, 
	booktitle={2010 International Conference on Machine Learning and Cybernetics}, 
	title={Adaptive camera assignment and hand-off algorithm in multiple active camera surveillance system}, 
	year={2010}, 
	volume={6}, 
	pages={3015-3020}, 
	keywords={target tracking;video cameras;video surveillance;adaptive camera assignment;hand-off algorithm;multiple active camera surveillance system;seamless tracking;Cameras;Cybernetics;Humans;Surveillance;Target tracking;Camera assignment;Hand-off task;PTZ camera;Seamless tracking;Surveillance system}, 
	doi={10.1109/ICMLC.2010.5580739}, 
	ISSN={2160-133X}, 
	month={July},
}

M-----------

N-----------

O-----------

@book{OKa13,
	title = {A Gentle Introduction to ROS},
	author = {Jason M. O'Kane},
	publisher = {Independently published},
	month = oct,
	year = {2013},
	isbn = {978-1492143239},
	note = {Available at \url{http://www.cse.sc.edu/~jokane/agitr/}}
}

P-----------

Q-----------

R-----------

@INPROCEEDINGS{7968650, 
	author={I. Radovanovic and I. Popovic and D. Drajic}, 
	booktitle={2017 Zooming Innovation in Consumer Electronics International Conference (ZINC)}, 
	title={Multi channel sensor measurements in fog computing architecture}, 
	year={2017}, 
	pages={9-12}, 
	keywords={Distributed application;Fog computing;IoT;Real-time processes;Sensor devices}, 
	doi={10.1109/ZINC.2017.7968650}, 
	month={May},
}

S-----------

@inproceedings{Dey:2016:RSR:3004010.3004032,
	author = {Dey, Swarnava and Mukherjee, Arijit},
	title = {Robotic SLAM: A Review from Fog Computing and Mobile Edge Computing Perspective},
	booktitle = {Adjunct Proceedings of the 13th International Conference on Mobile and Ubiquitous Systems: Computing Networking and Services},
	series = {MOBIQUITOUS 2016},
	year = {2016},
	isbn = {978-1-4503-4759-4},
	location = {Hiroshima, Japan},
	pages = {153--158},
	numpages = {6},
	url = {http://doi.acm.org/10.1145/3004010.3004032},
	doi = {10.1145/3004010.3004032},
	acmid = {3004032},
	publisher = {ACM},
	address = {New York, NY, USA},
	keywords = {Fog Computing, Mobile Edge Computing, SLAM, offloading, robotics},
} 

T-----------

U-----------

V-----------

W-----------

X-----------

Y-----------

@ARTICLE{7108364, 
	author={F. Yin and D. Makris and S. A. Velastin and T. Ellis}, 
	journal={IET Computer Vision}, 
	title={Calibration and object correspondence in camera networks with widely separated overlapping views}, 
	year={2015}, 
	volume={9}, 
	number={3}, 
	pages={354-367}, 
	keywords={calibration;feature selection;image segmentation;object tracking;pedestrians;road vehicles;video cameras;video surveillance;camera network mapping;camera views;homography recovery;intersection points;multicamera object tracking;object correspondence;occlusions;pedestrians;projected vertical axis;quantitative tracking performance evaluation;scene calibration information;segmentation noise;semiautomatic scene calibration method;semisupervised approach;single camera blobs;single ground plane view;user-selected line scene features;vehicles;visual surveillance;widely separated overlapping views}, 
	doi={10.1049/iet-cvi.2013.0301}, 
	ISSN={1751-9632}, 
	month={},
}

Z-----------